<record xmlns="http://www.loc.gov/MARC21/slim" xmlns:xsi="http://www.w3.org/2001/XMLSchema-instance" xsi:schemaLocation="http://www.loc.gov/MARC21/slim http://www.loc.gov/standards/marcxml/schema/MARC21slim.xsd">

  <leader>01513nab a2200169   4500</leader>
  <controlfield tag="005">20160331133353.0</controlfield>
  <controlfield tag="008">151105b2005    cr f|||| |||| 00| 0 spa d</controlfield>
  <datafield tag="090" ind2=" " ind1=" ">
    <subfield code="a">REVIS 06.02.01</subfield>
  </datafield>
  <datafield ind1="1" tag="100" ind2=" ">
    <subfield code="9">108</subfield>
    <subfield code="a">Rojas Porras, Marta</subfield>
  </datafield>
  <datafield ind1="1" tag="245" ind2="4">
    <subfield code="a">Una responsabilidad escolar olvidada: el desarrollo del componente léxico /</subfield>
    <subfield code="c">Marta, Rojas Porras</subfield>
  </datafield>
  <datafield ind1=" " ind2=" " tag="260">
    <subfield code="a">San José, Costa Rica :</subfield>
    <subfield code="b">Editorial Universidad de Costa Rica,</subfield>
    <subfield code="c">2005</subfield>
  </datafield>
  <datafield ind2=" " tag="300" ind1=" ">
    <subfield code="a">páginas 31-44</subfield>
  </datafield>
  <datafield tag="520" ind2=" " ind1=" ">
    <subfield code="a">El artículo plantea la necesidad de atender, de manera planificada, el desarrollo del léxico en el sistema educativo costarricense. Analiza resultados de una muestra nacional de 1712 textos escritos por escolares de cuarto y sexto años. Expone datos relativos al promedio de lemas por redacción, densidad léxica y organiza, en campos conceptuales, las palabras que obtuvieron frecuencias iguales o superiores a cien (100F). Además, propone parámetros para medir densidad léxica en el primero y segundo ciclos de la Educación General Básica. Concluye que es muy probable que la pobreza léxica encontrada en el estudiantado afecte negativamente la capacidad potencial  para referirse al mundo, para mostrar sus relaciones y para captar abstraciones y que limite los aprendizajes de las diversas asignaturas del currículo escolar</subfield>
  </datafield>
  <datafield ind1="1" tag="650" ind2="4">
    <subfield code="9">1</subfield>
    <subfield code="a">EDUCACIÓN</subfield>
  </datafield>
  <datafield ind2=" " tag="773" ind1="0">
    <subfield code="d">San José, Costa Rica : Editorial de la Universidad de Costa Rica, 1997-</subfield>
    <subfield code="o">R0300</subfield>
    <subfield code="t">EDUCACIÓN: Revista de la Universidad de Costa Rica</subfield>
    <subfield code="g">Vol.29, no.1 (2005)</subfield>
  </datafield>
  <datafield tag="942" ind2=" " ind1=" ">
    <subfield code="2">z</subfield>
    <subfield code="c">10</subfield>
  </datafield>
  <datafield ind1=" " ind2=" " tag="999">
    <subfield code="c">2929</subfield>
    <subfield code="d">2929</subfield>
  </datafield>
</record>